see http://en.wikipedia.org/wiki/Bibtex#Examples
and http://www.bibtex.org/Using/

HOW TO CITE
~\cite{XXX}
replace XXX with for example ex1-tutorial-lecture to cite the Tutorial Lecture
SEE ALSO http://en.wikibooks.org/wiki/LaTeX/Bibliography_Management#Citations

Bibtex
How to add a source/reference/book to the bibtex library

How to cite
Simply write ~\cite[p.~%NUM]{%REF} anywhere in the report body, where %REF is the name of the reference and %NUM is the relevant page number.

The tilde (~) produces a non-breakable space. 

